%% This BibTeX bibliography file was created using BibDesk.
%% https://bibdesk.sourceforge.io/

%% Created for Samet Akcabay at 2020-07-05 16:33:58 +0200 


%% Saved with string encoding Unicode (UTF-8) 



@online{Craig1,
	Author = {Apple},
	Date-Added = {2020-07-05 16:31:59 +0200},
	Date-Modified = {2020-07-05 16:33:55 +0200},
	Keywords = {privacy},
	Lastchecked = {2020-07-02},
	Title = {WWDC 2020 Special Event Keynote --- Apple},
	Url = {https://www.youtube.com/watch?v=GEZhD3J89ZE},
	Urldate = {2020-06-22},
	Year = {2020}}
